<?xml version="1.0" encoding="UTF-8"?>
<record xmlns="http://www.loc.gov/MARC21/slim" xmlns:xsi="http://www.w3.org/2001/XMLSchema-instance" xsi:schemaLocation="http://www.loc.gov/MARC21/slim http://www.loc.gov/standards/marcxml/schema/MARC21slim.xsd">
<leader>     cam a2200277u  4500</leader>
<controlfield tag="001">001679831</controlfield>
<controlfield tag="003">NNU</controlfield>
<controlfield tag="005">20001218220641.0</controlfield>
<controlfield tag="008">831230s1968    iq       b    000 0 arax</controlfield>
<datafield tag="010" ind1=" " ind2=" ">
<subfield code="a">74960158</subfield>
</datafield>
<datafield tag="020" ind1=" " ind2=" ">
<subfield code="c">0.800</subfield>
</datafield>
<datafield tag="035" ind1="9" ind2=" ">
<subfield code="a">NYUb12223225</subfield>
</datafield>
<datafield tag="035" ind1=" " ind2=" ">
<subfield code="a">(CStRLIN)NYPG83-B74511</subfield>
</datafield>
<datafield tag="040" ind1=" " ind2=" ">
<subfield code="c">NN</subfield>
<subfield code="d">NN</subfield>
</datafield>
<datafield tag="050" ind1="0" ind2=" ">
<subfield code="a">PJ819.S5</subfield>
<subfield code="b">H3 1968</subfield>
</datafield>
<datafield tag="100" ind1="1" ind2=" ">
<subfield code="a">Ḥamīdah, ʻAbd al-Ḥasīb Ṭāhā.</subfield>
</datafield>
<datafield tag="245" ind1="1" ind2="0">
<subfield code="a">Adab al-Shīʻah ilá nihāyat al-qarn al-thānī al-Hijrī,</subfield>
<subfield code="c">bi-qalam ʻAbd al-Ḥasīb Ṭāhā Ḥamīdah.</subfield>
</datafield>
<datafield tag="250" ind1=" " ind2=" ">
<subfield code="a">[al-Ṭabʻah 2]</subfield>
</datafield>
<datafield tag="260" ind1=" " ind2=" ">
<subfield code="a">[Baghdād,</subfield>
<subfield code="b">Maktabat al-Muthanná,</subfield>
<subfield code="c">1968]</subfield>
</datafield>
<datafield tag="300" ind1=" " ind2=" ">
<subfield code="a">384 p.</subfield>
<subfield code="c">24 cm.</subfield>
</datafield>
<datafield tag="500" ind1=" " ind2=" ">
<subfield code="a">In Arabic.</subfield>
</datafield>
<datafield tag="500" ind1=" " ind2=" ">
<subfield code="a">Cover title: Adab e'Chiaa ela nihayet el qarn el thani el Hegri, by Abdel Hassib Taha Homad.</subfield>
</datafield>
<datafield tag="504" ind1=" " ind2=" ">
<subfield code="a">Bibliography: p. [376]-381.</subfield>
</datafield>
<datafield tag="650" ind1=" " ind2="0">
<subfield code="a">Shiite literature.</subfield>
</datafield>
<datafield tag="OWN" ind1=" " ind2=" ">
<subfield code="a">GENERAL</subfield>
</datafield>
<datafield tag="950" ind1=" " ind2=" ">
<subfield code="l">BMAIN</subfield>
<subfield code="a">PJ819.S5</subfield>
<subfield code="b">H3 1968</subfield>
</datafield>
<datafield tag="955" ind1=" " ind2=" ">
<subfield code="l">BMAIN</subfield>
<subfield code="c">1</subfield>
<subfield code="r">028425653</subfield>
</datafield>
<datafield tag="998" ind1=" " ind2=" ">
<subfield code="s">9114</subfield>
</datafield>
<datafield tag="AVA" ind1=" " ind2=" ">
<subfield code="a">NYU50</subfield>
<subfield code="b">BOBST</subfield>
<subfield code="c">Main Collection</subfield>
<subfield code="d">PJ819.S5 H3 1968</subfield>
<subfield code="e">unavailable</subfield>
<subfield code="t">Unavailable</subfield>
<subfield code="f">1</subfield>
<subfield code="g">1</subfield>
<subfield code="h">N</subfield>
<subfield code="i">0</subfield>
<subfield code="j">MAIN</subfield>
<subfield code="k">0</subfield>
</datafield>
</record>
